 @misc{allan_gray,
  title   = {Allan Gray: Investment company: Investment management},
  url     = {https://www.allangray.co.za/},
  journal = {Allan Gray | Investment Company | Investment Management}
} 
