 @misc{orosz_2021,
  title     = {Can you really measure individual developer productivity? - ask the EM},
  url       = {https://blog.pragmaticengineer.com/can-you-measure-developer-productivity/},
  journal   = {The Pragmatic Engineer},
  publisher = {The Pragmatic Engineer},
  author    = {Orosz, Gergely},
  year      = {2021},
  month     = {Sep}
} 

 @misc{allan_gray,
  title   = {Allan Gray: Investment company: Investment management},
  url     = {https://www.allangray.co.za/},
  journal = {Allan Gray | Investment Company | Investment Management}
} 

@misc{kaliski_2001,
  title     = {Encyclopedia of Busine\$\$ and Finance},
  author    = {Kaliski, Burton S, Macmillan},
  publisher = {Macmillan Reference USA},
  isbn      = {0028650654},
  year      = {2001}
}

 @misc{node.js,
  title   = {NodeJS||About},
  url     = {https://nodejs.org/en/about/},
  journal = {Node.js},
  author  = {Node.js}
} 